@INPROCEEDINGS{2014:Tedaldi,
	author={Tedaldi, David and Pretto, Alberto and Menegatti, Emanuele},
	booktitle={2014 IEEE International Conference on Robotics and Automation (ICRA)}, 
	title={A robust and easy to implement method for IMU calibration without external equipments}, 
	year={2014},
	volume={},
	number={},
	pages={3042-3049},
	doi={10.1109/ICRA.2014.6907297}}

@article{tedaldi2013imu,
	title={IMU calibration without mechanical equipment.(Calibrazione di IMU svincolata da apparati meccanici)},
	author={Tedaldi, David},
	year={2013}
}


@article{qureshi2017algorithm,
	title={An algorithm for the in-field calibration of a MEMS IMU},
	author={Qureshi, Umar and Golnaraghi, Farid},
	journal={IEEE Sensors Journal},
	volume={17},
	number={22},
	pages={7479--7486},
	year={2017},
	publisher={IEEE}
}


@inproceedings{altinoz2018determining,
	title={Determining efficient temperature test points for IMU calibration},
	author={Altin{\"o}z, Bagis and {\"U}nsal, Derya},
	booktitle={2018 IEEE/ION Position, Location and Navigation Symposium (PLANS)},
	pages={552--556},
	year={2018}
}

@inproceedings{lv2016method,
	title={A method of low-cost IMU calibration and alignment},
	author={Lv, Jixin and Ravankar, Ankit A and Kobayashi, Yukinori and Emaru, Takanori},
	booktitle={2016 IEEE/SICE International Symposium on System Integration (SII)},
	pages={373--378},
	year={2016},
	organization={IEEE}
}

@inproceedings{bhatia2016development,
	title={Development of an analytical method for IMU calibration},
	author={Bhatia, Sitank and Yang, Hai and Zhang, Rui and H{\"o}flinger, Fabian and Reindl, Leonhard},
	booktitle={2016 13th International Multi-Conference on Systems, Signals \& Devices (SSD)},
	pages={131--135},
	year={2016},
	organization={IEEE}
}

@article{qureshi2017algorithm,
	title={An algorithm for the in-field calibration of a MEMS IMU},
	author={Qureshi, Umar and Golnaraghi, Farid},
	journal={IEEE Sensors Journal},
	volume={17},
	number={22},
	pages={7479--7486},
	year={2017},
	publisher={IEEE}
}

